This file was created with JabRef 2.1 beta 2.
Encoding: UTF-8


@article{NI-OVERSAMPLING,
	Author = {陶新民 and 徐晶 and 童智靖 and 刘玉 },
	Journal = {控制与决策},
	Number = {TP18},
	Title = {不均衡数据下基于阴性免疫的过抽样新算法},
	Volume = {25(6)},
	Year = {2010}}

@book{kottwitz2011latex,
  title={LaTeX Beginner's Guide},
  author={Kottwitz, S.},
  isbn={9781847199867},
  url={http://books.google.com.hk/books?id=rB1Cb62dVnUC},
  year={2011},
  publisher={Packt Publishing}
}

@ARTICLE{idlemem,
  author = {A. Acharya and S. Setia},
  title = {Availability and Utility of Idle Memory in Workstation Clusters},
  journal = {ACM SIGMETRICS Performance Evaluation Review},
  year = {1999}
}
%期刊文章

@TECHREPORT{sigsegv,
  author = {E. A. Anderson and J. M. Neefe},
  title = {An Exploration of Network RAM},
  institution = {UC Berkley},
  year = {1994},
  number = {CSD-98-1000},
  month = dec
}
%技术报告？
