%% Created using Papers on Mon, 19 Oct 2015.
%% http://papersapp.com/papers/

@article{Mordelet2014201,
author = {Mordelet, F and Vert, J P},
title = {{A bagging SVM to learn from positive and unlabeled examples}},
journal = {Pattern Recognition Letters},
year = {2014},
volume = {37},
pages = {201--209},
annote = {Partially Supervised Learning for Pattern Recognition}
}

@inproceedings{hu2012estimate,
author = {Hu, Haoji and Sha, Chaofeng and Wang, Xiaoling and Zhou, Aoying},
title = {{Estimate Unlabeled-Data-Distribution for Semi-supervised PU Learning.}},
booktitle = {APWeb},
year = {2012},
pages = {22--33},
organization = {Springer}
}

@article{AAAI113583,
author = {Liu, Tao and Du, Xiaoyong and Xu, Yongdong and Li, Minghui and Wang, Xiaolong},
title = {{Partially Supervised Text Classification with Multi-Level Examples}},
year = {2011}
}

@inproceedings{xiao2011similarity,
author = {Xiao, Yanshan and Liu, Bing and Yin, Jie and Cao, Longbing and Zhang, Chengqi and Hao, Zhifeng},
title = {{Similarity-based approach for positive and unlabeled learning}},
booktitle = {IJCAI Proceedings-International Joint Conference on Artificial Intelligence},
year = {2011},
pages = {1577}
}

@inproceedings{li2010negative,
author = {Li, Xiao-Li and Liu, Bing and Ng, See-Kiong},
title = {{Negative training data can be harmful to text classification}},
booktitle = {Proceedings of the 2010 conference on empirical methods in natural language processing},
year = {2010},
pages = {218--228},
organization = {Association for Computational Linguistics}
}

@inproceedings{li2009positive,
author = {Li, Xiaoli and Philip, S Yu and Liu, Bing and Ng, See-Kiong},
title = {{Positive Unlabeled Learning for Data Stream Classification.}},
booktitle = {SDM},
year = {2009},
pages = {257--268},
organization = {SIAM}
}

@inproceedings{1250918,
author = {Liu, Bing and Dai, Yang and Li, X and Lee, Wee Sun and Yu, P S},
title = {{Building text classifiers using positive and unlabeled examples}},
booktitle = {Data Mining, 2003. ICDM 2003. Third IEEE International Conference on},
year = {2003},
pages = {179--186},
month = nov
}

@inproceedings{li2003learning,
author = {Li, Xiaoli and Liu, Bing},
title = {{Learning to classify texts using positive and unlabeled data}},
booktitle = {IJCAI},
year = {2003},
pages = {587--592}
}

@inproceedings{liu2002partially,
author = {Liu, Bing and Lee, Wee Sun and Yu, Philip S and Li, Xiaoli},
title = {{Partially supervised classification of text documents}},
booktitle = {ICML},
year = {2002},
pages = {387--394},
organization = {Citeseer}
}

